<record><leader>00000cas a22000007a 4500</leader><controlfield tag="001">19487317</controlfield><controlfield tag="008">890403d1835183umduwr ne      0    0eng d</controlfield><datafield ind1=" " ind2=" " tag="010"><subfield code="a">sn 89060065 </subfield></datafield><datafield ind1=" " ind2=" " tag="040"><subfield code="a">MFN</subfield><subfield code="b">eng</subfield><subfield code="c">MFN</subfield><subfield code="d">OCLCQ</subfield></datafield><datafield ind1=" " ind2=" " tag="042"><subfield code="a">msc</subfield></datafield><datafield ind1="0" ind2=" " tag="130"><subfield code="a">Maryland advocate (Cumberland, Md. : 1835)</subfield></datafield><datafield ind1="1" ind2="0" tag="245"><subfield code="a">Maryland advocate.</subfield></datafield><datafield ind1=" " ind2=" " tag="260"><subfield code="a">Cumberland, Md. :</subfield><subfield code="b">D. Blocher</subfield></datafield><datafield ind1=" " ind2=" " tag="300"><subfield code="a">v.</subfield></datafield><datafield ind1=" " ind2=" " tag="310"><subfield code="a">Weekly</subfield></datafield><datafield ind1="0" ind2=" " tag="362"><subfield code="a">Vol. 12, no. 11 (Feb. 17, 1835)-</subfield></datafield><datafield ind1=" " ind2=" " tag="752"><subfield code="a">United States</subfield><subfield code="b">Maryland</subfield><subfield code="c">Allegany</subfield><subfield code="d">Cumberland.</subfield></datafield><datafield ind1="0" ind2="0" tag="780"><subfield code="t">Maryland advocate, and Allegany advertiser</subfield><subfield code="w">(DLC)sn 89060064</subfield></datafield><datafield ind1="0" ind2="0" tag="785"><subfield code="t">Maryland advocate &amp; Democratic watchman</subfield><subfield code="w">(DLC)sn 85038285</subfield></datafield></record>